@Article{Zhao2016A,
  Title                    = {A generalized likelihood ratio test for normal mean when p is greater than n},
  Author                   = {Zhao, Junguang and Xu, Xingzhong},
  Journal                  = {Computational Statistics \& Data Analysis},
  Year                     = {2016},

  File                     = {Zhao2016A.pdf:Zhao2016A.pdf:PDF}
}
@Article{Bai1993Limit,
  Title                    = {Limit of the Smallest Eigenvalue of a Large Dimensional Sample Covariance Matrix},
  Author                   = {Bai, Z. D. and Yin, Y. Q.},
  Journal                  = {Annals of Probability},
  Year                     = {1993},
  Number                   = {3},
  Pages                    = {1275-1294},
  Volume                   = {21}
}

