@Article{Liang2008Mixtures,
  author    = {Feng Liang and Rui Paulo and German Molina and Merlise A Clyde and Jim O Berger},
  title     = {Mixtures of g Priors for Bayesian Variable Selection},
  journal   = {Journal of the American Statistical Association},
  year      = {2008},
  volume    = {103},
  number    = {481},
  pages     = {410-423},
  doi       = {10.1198/016214507000001337},
  eprint    = {https://doi.org/10.1198/016214507000001337},
  file      = {:Liang2008Mixtures.pdf:PDF},
  groups    = {bayes, regression},
  publisher = {Taylor \& Francis},
  url       = { 
        https://doi.org/10.1198/016214507000001337
    
},
}
